@book{dias2020microservices,
  title={Microservices Security in Action},
  author={Dias, Wajjakkara Kankanamge Anthony Nuwan and Siriwardena, Prabath},
  year={2020},
  publisher={Simon and Schuster},
}

@article{jander2018defense,
  title={Defense-in-depth and role authentication for microservice systems},
  author={Jander, Kai and Braubach, Lars and Pokahr, Alexander},
  journal={Procedia computer science},
  volume={130},
  pages={456--463},
  year={2018},
  publisher={Elsevier},
  type={online}
}

@article{chandramouli2019microservices,
  title={Microservices-based Application Systems},
  author={Chandramouli, Ramaswamy},
  journal={NIST Special Publication},
  volume={800},
  pages={204},
  year={2019}
}

@article{turnertls,  
    author={Turner, Sean},  
    journal={IEEE Internet Computing},   
    title={Transport Layer Security},   
    year={2014},  
    volume={18},  
    number={6},  
    pages={60-63},  
    doi={10.1109/MIC.2014.126}
}

@article{shmeleva2020microservices,
  title={How Microservices are Changing the Security Landscape},
  author={Shmeleva, Ekaterina and others},
  year={2020}
}

@inproceedings{yarygina2018overcoming,
  title={Overcoming security challenges in microservice architectures},
  author={Yarygina, Tetiana and Bagge, Anya Helene},
  booktitle={2018 IEEE Symposium on Service-Oriented System Engineering (SOSE)},
  pages={11--20},
  year={2018},
  organization={IEEE}
}

@inproceedings{ueda2016workload,
  title={Workload characterization for microservices},
  author={Ueda, Takanori and Nakaike, Takuya and Ohara, Moriyoshi},
  booktitle={2016 IEEE international symposium on workload characterization (IISWC)},
  pages={1--10},
  year={2016},
  organization={IEEE}
}

@article{kurbatov2021design,
  title={Design and implementation of secure communication between microservices},
  author={Kurbatov, Aleksandr and others},
  year={2021}
}

@inproceedings{pereira2019security,
  title={Security mechanisms used in microservices-based systems: A systematic mapping},
  author={Pereira-Vale, Anelis and M{\'a}rquez, Gast{\'o}n and Astudillo, Hern{\'a}n and Fernandez, Eduardo B},
  booktitle={2019 XLV Latin American Computing Conference (CLEI)},
  pages={01--10},
  year={2019},
  organization={IEEE}
}

@article{barabanov2020authentication,
  title={Authentication and authorization in microservice-based systems: survey of architecture patterns},
  author={Barabanov, Alexander and Makrushin, Denis},
  journal={arXiv preprint arXiv:2009.02114},
  year={2020}
}
@book{schafer2014netzsicherheit,
  title={Netzsicherheit: Grundlagen \& Protokolle-Mobile \& drahtlose Kommunikation-Schutz von Kommunikationsinfrastrukturen},
  author={Sch{\"a}fer, G{\"u}nter and Ro{\ss}berg, Michael},
  year={2014},
  publisher={dpunkt. verlag}
}
@book{anderson2020security,
  title={Security engineering: a guide to building dependable distributed systems},
  author={Anderson, Ross},
  year={2020},
  publisher={John Wiley \& Sons}
}
@online{jwtdocauth0,
  author       = {Auth0},
  url = {https://jwt.io},
  title        = {JWT Documentation},
  groups       = {WebArticles},
  urldate = {2021-10-27}
}
@online{jwtrfc,
  url = {https://datatracker.ietf.org/doc/html/rfc7519},
  title        = {RFC7519},
  groups       = {WebArticles},
  urldate = {2021-10-27}
}
@online{idcprediction2019,
  author       = {International Data Corporation},
  url = {https://www.idc.com/research/viewtoc.jsp?containerId=US44403818},
  month        = oct,
  title        = {IDC FutureScape: Worldwide IT Industry 2019 Predictions},
  year         = {2018},
  groups       = {WebArticles},
  urldate = {2021-10-22}
}

@book{siriwardena2014advanced,
  title={Advanced API Security},
  author={Siriwardena, Prabath},
  year={2014},
  publisher={Springer}
}

@book{newman2021building,
  title={Building microservices},
  author={Newman, Sam},
  year={2021},
  publisher={"O'Reilly Media, Inc."},
}

@online{newman2015principles,
    author          = {Sam Newman},
    url    = {https://www.youtube.com/watch?v=PFQnNFe27kU},
    title           = {Principles Of Microservices by Sam Newman},
    urldate = {2021-11-29}
}

@online{fowlercharacteristics,
  author       = {Martin Fowler},
  url = {https://martinfowler.com/articles/microservices.html},
  month        = mar,
  title        = {Microservices a definition of this new architectural term},
  year         = {2014},
  urldate = {2010-11-29}
}

@online{fowlerpremium,
    author          = {Martin Fowler},
    url    = {https://martinfowler.com/bliki/MicroservicePremium.html},
    month           = may,
    title           = {Miroservice Premium},
    year            = {2015},
    urldate = {2010-11-29}
}

@inproceedings{kalske2017challenges,
  title={Challenges when moving from monolith to microservice architecture},
  author={Kalske, Miika and M{\"a}kitalo, Niko and Mikkonen, Tommi},
  booktitle={International Conference on Web Engineering},
  pages={32--47},
  year={2017},
  organization={Springer}
}

@inproceedings{zaheer2019eztrust,
  title={Eztrust: Network-independent zero-trust perimeterization for microservices},
  author={Zaheer, Zirak and Chang, Hyunseok and Mukherjee, Sarit and Van der Merwe, Jacobus},
  booktitle={Proceedings of the 2019 ACM Symposium on SDN Research},
  pages={49--61},
  year={2019}
}

@online{x509rfc,
  url = {hhttps://www.ietf.org/rfc/rfc2459},
  title        = {RFC2459},
  groups       = {WebArticles},
  urldate = {2021-12-29}
}

@inproceedings{hess2002advanced,
  title={Advanced Client/Server Authentication in TLS.},
  author={Hess, Adam and Jacobson, Jared and Mills, Hyrum and Wamsley, Ryan and Seamons, Kent E and Smith, Bryan},
  booktitle={NDSS},
  year={2002},
  organization={Citeseer}
}
@inproceedings{krawczyk2013security,
  title={On the security of the TLS protocol: A systematic analysis},
  author={Krawczyk, Hugo and Paterson, Kenneth G and Wee, Hoeteck},
  booktitle={Annual Cryptology Conference},
  pages={429--448},
  year={2013},
  organization={Springer}
}

@book{viega2002network,
  title={Network security with openSSL: cryptography for secure communications},
  author={Viega, John and Messier, Matt and Chandra, Pravir},
  year={2002},
  publisher={"O'Reilly Media, Inc."}
}

@online{opensslextensions,
    title={Zertifikate – Ein Überblick der verschiedenen Formate},
    url={https://www.antary.de/2017/03/11/zertifikate-ein-ueberblick-der-verschiedenen-formate/},
    urldate = {2021-12-29}
}

% Code Quellen

@online{impvalidatecert,
    title={How to fully validate a X509Certificate},
    url={https://stackoverflow.com/questions/60109454/how-to-fully-validate-a-x509-certificate},
    urldate = {2021-12-23}
}

@online{impx509chain,
    title={Microsoft Documentation X509Chain},
    url={https://docs.microsoft.com/en-us/dotnet/api/system.security.cryptography.x509certificates.x509chain},
    urldate = {2021-12-23}
}

@online{impsingleton,
    title={Singleton Design Pattern in Csharp},
    url={https://www.c-sharpcorner.com/UploadFile/8911c4/singleton-design-pattern-in-C-Sharp/},
    urldate = {2021-12-26}
}

@online{implkritnermtls,
    title={Setting up MTLS and Kestrel},
    url={https://blog.kritner.com/2020/07/15/setting-up-mtls-and-kestrel/},
    urldate={2021-12-22} 
}

@online{implclientfactory,
    title={Using HttpClientFactory in ASP.NET Core Applications},
    url={https://code-maze.com/using-httpclientfactory-in-asp-net-core-applications/},
    urldate={2021-12-23} 
}

@online{implconfighandler,
    title={Mircosoft Documentation HttpClientBuilder},
    url={https://docs.microsoft.com/en-us/dotnet/api/microsoft.extensions.dependencyinjection.httpclientbuilderextensions.configureprimaryhttpmessagehandler},
    urldate={2021-12-23} 
}

@online{impluseclient,
    title={Creating A .NET 5 Client To Call An API Protected By Certificates},
    url={https://www.c-sharpcorner.com/article/creating-a-net-5-client-to-call-an-api-protected-by-certificates/},
    urldate={2021-12-23} 
}
